@article{fukuyama1986,
    title = "Global waves in hot plasmas",
    journal = "Computer Physics Reports",
    volume = "4",
    number = "3",
    pages = "137 - 181",
    year = "1986",
    note = "",
    issn = "0167-7977",
    doi = "http://dx.doi.org/10.1016/0167-7977(86)90028-6",
    url = "http://www.sciencedirect.com/science/article/pii/0167797786900286",
    author = "A. Fukuyama and K. Itoh and S.-I. Itoh",
}

@article{berry2016,
    author = {L. A. Berry and E. F. Jaeger and C. K. Phillips and C. H. Lau and N. Bertelli and D. L. Green},
    title = {A generalized plasma dispersion function for electron damping in tokamak plasmas},
    journal = {Physics of Plasmas},
    volume = {23},
    number = {10},
    pages = {102504},
    year = {2016},
    doi = {10.1063/1.4964766},
    URL = {http://dx.doi.org/10.1063/1.4964766},
    eprint = {http://dx.doi.org/10.1063/1.4964766}
}

@article{svidzinski2016,
        author = {V. A. Svidzinski and J. S. Kim and J. A. Spencer and L. Zhao and S. A. Galkin and E. G. Evstatiev},
        title = {Hot plasma dielectric response to radio-frequency fields in inhomogeneous magnetic field},
        journal = {Physics of Plasmas},
        volume = {23},
        number = {11},
        pages = {112101},
        year = {2016},
        doi = {10.1063/1.4966638},
        URL = { http://dx.doi.org/10.1063/1.4966638 },
        eprint = { http://dx.doi.org/10.1063/1.4966638 }
}

@article{green2014,
        title = "Iterative addition of parallel temperature effects to finite-difference simulation of radio-frequency wave propagation in plasmas ",
        journal = "Computer Physics Communications ",
        volume = "185",
        number = "3",
        pages = "736 - 743",
        year = "2014",
        note = "",
        issn = "0010-4655",
        doi = "http://dx.doi.org/10.1016/j.cpc.2013.10.032",
        url = "http://www.sciencedirect.com/science/article/pii/S0010465513003779",
        author = {D. L. Green and L. A. Berry},
        keywords = "Radio frequency heating",
        keywords = "FDFD",
        keywords = "FEFD",
        keywords = "Kinetic effects",
        keywords = "Plasmas ",
}

@article{jenkins2015,
        author = {Thomas G. Jenkins and David N. Smithe},
        title = {High-performance finite-difference time-domain simulations of C-Mod and ITER RF antennas},
        journal = {AIP Conference Proceedings},
        volume = {1689},
        number = {1},
        pages = {030003},
        year = {2015},
        doi = {10.1063/1.4936468},
        URL = { http://aip.scitation.org/doi/abs/10.1063/1.4936468 },
        eprint = { http://aip.scitation.org/doi/pdf/10.1063/1.4936468 }
}

@article{wright2015,
        author = {J. C. Wright and S. Shiraiwa},
        title = {Coupling an ICRF core spectral solver to an edge FEM code},
        journal = {AIP Conference Proceedings},
        volume = {1689},
        number = {1},
        pages = {050007},
        year = {2015},
        doi = {10.1063/1.4936495},
        URL = { http://aip.scitation.org/doi/abs/10.1063/1.4936495 },
        eprint = { http://aip.scitation.org/doi/pdf/10.1063/1.4936495 }
}

@article{bertelli2014,
          author={N. Bertelli and E.F. Jaeger and J.C. Hosea and C.K. Phillips and L. Berry and S.P. Gerhardt and D. Green and B. LeBlanc and R.J.
                  Perkins and P.M. Ryan and G. Taylor and E.J. Valeo and J.R. Wilson},
          title={Full wave simulations of fast wave heating losses in the scrape-off layer of NSTX and NSTX-U},
          journal={Nuclear Fusion},
          volume={54},
          number={8},
          pages={083004},
          url={http://stacks.iop.org/0029-5515/54/i=8/a=083004},
          year={2014}
}

@article{jaeger2001,
        author = {E. F. Jaeger and L. A. Berry and E. D’Azevedo and D. B. Batchelor and M. D. Carter},
        title = {All-orders spectral calculation of radio-frequency heating in two-dimensional toroidal plasmas},
        journal = {Physics of Plasmas},
        volume = {8},
        number = {5},
        pages = {1573-1583},
        year = {2001},
        doi = {10.1063/1.1359516},
        URL = { http://dx.doi.org/10.1063/1.1359516 },
        eprint = { http://dx.doi.org/10.1063/1.1359516 }

}

@article{wright2004,
        title = "Ultrahigh resolution simulations of mode converted ion cyclotron waves and lower hybrid waves ",
        journal = "Computer Physics Communications ",
        volume = "164",
        number = "1–3",
        pages = "330 - 335",
        year = "2004",
        note = "Proceedings of the 18th International Conferene on the Numerical Simulation of Plasmas ",
        issn = "0010-4655",
        doi = "http://dx.doi.org/10.1016/j.cpc.2004.06.044",
        url = "http://www.sciencedirect.com/science/article/pii/S0010465504002991",
        author = "J.C. Wright and P.T. Bonoli and E. D'Azevedo and M. Brambilla",
        keywords = "TORIC",
        keywords = "ICRF",
        keywords = "Fast wave",
        keywords = "IBW",
        keywords = "Bernstein",
        keywords = "Lower hybrid",
        keywords = "Simulation",
        keywords = "Full wave "
}

@article{meneghini2009,
        author = {O. Meneghini and S. Shiraiwa and R. Parker},
        title = {Full wave simulation of lower hybrid waves in Maxwellian plasma based on the finite element method},
        journal = {Physics of Plasmas},
        volume = {16},
        number = {9},
        pages = {090701},
        year = {2009},
        doi = {10.1063/1.3216548},
        URL = { http://dx.doi.org/10.1063/1.3216548 },
        eprint = { http://dx.doi.org/10.1063/1.3216548 }
}


@article{shiraiwa2011a,
        author = {S. Shiraiwa and J. Ko and O. Meneghini and R. Parker and A. E. Schmidt and S. Scott and M. Greenwald and A. E. Hubbard and J. Hughes and Y. Ma and Y. Podpaly and J. E. Rice and G. Wallace and J. R. Wilson and S. M. Wolfe and Alcator C-Mod Group},
        collaboration = {},
        title = {Full wave effects on the lower hybrid wave spectrum and driven current profile in tokamak plasmas},
        publisher = {AIP},
        year = {2011},
        journal = {Physics of Plasmas},
        volume = {18},
        number = {8},
        eid = {080705},
        numpages = {4},
        pages = {080705},
        url = {http://link.aip.org/link/?PHP/18/080705/1},
        doi = {10.1063/1.3609835}
}

@article{walker2011,
       author = {Walker, H. and Ni, P.},
       title = {Anderson Acceleration for Fixed-Point Iterations},
       journal = {SIAM Journal on Numerical Analysis},
       volume = {49},
       number = {4},
       pages = {1715-1735},
       year = {2011},
       doi = {10.1137/10078356X},
       URL = {http://epubs.siam.org/doi/abs/10.1137/10078356X},
       eprint = {http://epubs.siam.org/doi/pdf/10.1137/10078356X}
}

@article{lancellotti2006a,
  author={V. Lancellotti and D. Milanesio and R. Maggiora and G. Vecchi and V. Kyrytsya},
  title={TOPICA: an accurate and efficient numerical tool for analysis and design of ICRF antennas},
  journal={Nuclear Fusion},
  volume={46},
  number={7},
  pages={S476},
  url={http://stacks.iop.org/0029-5515/46/i=7/a=S10},
  year={2006},
}

@article{smithe1997,
author = {D. N. Smithe and C. K. Phillips and J. C. Hosea and R. P. Majeski and J. R. Wilson},
editor = {Philip M. Ryan and Thomas Intrator},
collaboration = {},
title = {Investigation of RF absorption by fast ions and high temperature plasmas using the ``METS95'' wave analysis tool},
publisher = {AIP},
year = {1997},
journal = {AIP Conference Proceedings},
volume = {403},
number = {1},
pages = {367-370},
url = {http://link.aip.org/link/?APC/403/367/1},
doi = {10.1063/1.53349}
}

@article{jaun1998a,
  author={A. Jaun and T. Hellsten and S.C. Chiu},
  title={Toroidal mode conversion in the ICRF},
  journal={Nuclear Fusion},
  volume={38},
  number={2},
  pages={153},
  url={http://stacks.iop.org/0029-5515/38/i=2/a=301},
  year={1998},
}
	
@article{jaeger2002a,
author = {E. F. Jaeger and L. A. Berry and E. D'Azevedo and D. B. Batchelor and M. D. Carter and K. F. White and H. Weitzner},
collaboration = {},
title = {Advances in full-wave modeling of radio frequency heated, multidimensional plasmas},
publisher = {AIP},
year = {2002},
journal = {Physics of Plasmas},
volume = {9},
number = {5},
pages = {1873-1881},
url = {http://link.aip.org/link/?PHP/9/1873/1},
doi = {10.1063/1.1455001}
}

@article{colas2005,
author = {L. Colas and E. Faudot and S. Bremond and S. Heuraux and R. Mitteau and M. Chantant and M. Goniche and V. Basiuk and G. Bosia and J. P. Gunn and Tore Supra team},
editor = {Stephen J. Wukitch and Paul T. Bonoli},
collaboration = {Tore Supra team},
title = {Theory and Practice in ICRF Antennas for Long Pulse Operation},
publisher = {AIP},
year = {2005},
journal = {AIP Conference Proceedings},
volume = {787},
number = {1},
pages = {150-157},
keywords = {plasma radiofrequency heating; plasma interactions; antennas in plasma; plasma simulation; Tokamak devices},
url = {http://link.aip.org/link/?APC/787/150/1},
doi = {10.1063/1.2098214}
}

@book{boyd,
	title="{C}hebyshev and {F}ourier spectral methods",
	author="J. P. Boyd",
	publisher="Dover Publications, Inc.",
	address="31 East 2nd Street, Mineola, NY, 11501",
	year="2001",
}

@book{jin,
	title="The Finite Element Method In Electrodynamics",
	author="J. Jin",
	publisher="John Wiley and Sons, Inc.",
	address="New York",
	year="2002",
}

@book{taflove,
	title="Computational Electrodynamics: The Finite-Difference Time-Domain Method",
	author="A. Taflove and S. C. Hagness",
	publisher="Artech House, Inc.",
	address="685 Canton Street, Norwood, MA, 02062",
	year="2005",
	edition="3rd"
}

@article{vrancken2013,
title = "RF optimisation of the port plug layout and performance assessment of the ITER ICRF antenna",
journal = "Fusion Engineering and Design",
volume = "",
number = "0",
pages = " - ",
year = "2013",
note = "",
issn = "0920-3796",
doi = "10.1016/j.fusengdes.2013.02.162",
url = "http://www.sciencedirect.com/science/article/pii/S0920379613002779",
author = "M. Vrancken and F. DurodiÃ© and R. Bamber and N. Dalton and P. Dumortier and M. Graham and A. Horvat and D. Hancock and D. Lockley and F. Louche and R. Maggiora and A. Messiaen and D. Milanesio and M.P.S. Nightingale and M. Shannon and P. Tigwell and M. Van Schoor and D. Wilson and K. Winkler and Cycle Team",
}

@article{gantenbein2000,
  title = {Complete Suppression of Neoclassical Tearing Modes with Current Drive at the Electron-Cyclotron-Resonance Frequency in ASDEX Upgrade Tokamak},
  author = {Gantenbein, G. and Zohm, H. and Giruzzi, G. and G\"unter, S. and Leuterer, F. and Maraschek, M. and Meskat, J. and Yu, Q. and ASDEX Upgrade Team and ECRH-Group (AUG)},
  journal = {Phys. Rev. Lett.},
  volume = {85},
  issue = {6},
  pages = {1242--1245},
  year = {2000},
  month = {Aug},
  doi = {10.1103/PhysRevLett.85.1242},
  url = {http://link.aps.org/doi/10.1103/PhysRevLett.85.1242},
  publisher = {American Physical Society}
}

@article{yu2000,
author = {Q. Yu and S. Gunter and G. Giruzzi and K. Lackner and M. Zabiego},
collaboration = {},
title = {Modeling of the stabilization of neoclassical tearing modes by localized radio frequency current drive},
publisher = {AIP},
year = {2000},
journal = {Physics of Plasmas},
volume = {7},
number = {1},
pages = {312-322},
url = {http://link.aip.org/link/?PHP/7/312/1},
doi = {10.1063/1.873799}
}

@article{start1998,
  title = {D-T Fusion with Ion Cyclotron Resonance Heating in the JET Tokamak},
  author = {Start, D. F. H. and Jacquinot, J. and Bergeaud, V. and Bhatnagar, V. P. and Cottrell, G. A. and Clement, S. and Eriksson, L-G. and Fasoli, A. and Gondhalekar, A. and Gormezano, C. and Grosshoeg, G. and Guenther, K. and Harbour, P. and Horton, L. D. and Howman, A. and Jackel, H. and Jarvis, O. N. and Lawson, K. D. and Lowry, C. and Mantsinen, M. and Marcus, F. B. and Monk, R. and Righi, E. and Rimini, F. G. and Sadler, G. J. and Saibene, G. R. and Sartori, R. and Schunke, B. and Sharapov, S. and Sips, A. C. C. and Stamp, M. and van Belle, P.},
  journal = {Phys. Rev. Lett.},
  volume = {80},
  issue = {21},
  pages = {4681--4684},
  year = {1998},
  month = {May},
  doi = {10.1103/PhysRevLett.80.4681},
  url = {http://link.aps.org/doi/10.1103/PhysRevLett.80.4681},
  publisher = {American Physical Society}
}

@article{prater2004,
author = {R. Prater},
collaboration = {},
title = {Heating and current drive by electron cyclotron waves},
publisher = {AIP},
year = {2004},
journal = {Physics of Plasmas},
volume = {11},
number = {5},
pages = {2349-2376},
url = {http://link.aip.org/link/?PHP/11/2349/1},
doi = {10.1063/1.1690762}
}

@article{sidi2008,
		title = "Vector extrapolation methods with applications to solution of large systems of equations and to PageRank computations",
		journal = "Computers and Mathematics with Applications",
		volume = "56",
		number = "1",
		pages = "1 - 24",
		year = "2008",
		note = "",
		issn = "0898-1221",
		doi = "10.1016/j.camwa.2007.11.027",
		url = "http://www.sciencedirect.com/science/article/pii/S0898122107008188",
		author = "Avram Sidi",
}

@article{erckmann1994,
author={V Erckmann and U Gasparino},
title={Electron cyclotron resonance heating and current drive in toroidal fusion plasmas},
journal={Plasma Physics and Controlled Fusion},
volume={36},
number={12},
pages={1869},
url={http://stacks.iop.org/0741-3335/36/i=12/a=001},
year={1994},
abstract={A review of experiments and theory of electron cyclotron resonance heating (ECRH) and current drive (ECCD) is presented. An outline of the basic linear theory of wave propagation and absorption in the electron cyclotron range of frequencies and their harmonics is given and compared with experimental results from many devices. The experimental data base on quasilinear and nonlinear physics as well as on parametric wave decay is reviewed and compared to theory. Experiments and theory on doppler shifted absorption either by bulk or tail electrons (which can be created by other means) are discussed. ECRH provides means for controlled plasma breakdown and current ramp up in tokamaks and plays a key role in net current-free stellarator research. Start-up was investigated in many tokamaks and stellarators and the results are discussed in the light of the present day theoretical understanding. The role of ECRH to improve the understanding of both particle and energy confinement is described and special heating correlated features, such as 'density pump out' during ECRH are discussed. The application of modulated ECRH for perturbative heat wave studies and the comparison with both sawtooth heat pulse propagation and the steady state power balance analysis is presented. Electron cyclotron current drive is a possible method for current profile and MHD control in tokamaks and provides means for bootstrap current compensation in stellarators. The basic theory of electron cyclotron current drive is presented and compared to experiments in both tokamaks and stellarators. Experiments on sawtooth stabilization and MHD control by ECRH or ECCD are discussed and compared to theory. An increasing number of fusion devices is equipped with ECRH for bulk heating and sophisticated plasma physics investigations. A remarkable extension of the accessible plasma parameter range became possible by the recent development of sources with high power (1 MW) and frequency (110-160 GHz). Particular emphasis is given to new experiments and the refinement of theory incorporating plasma phenomena and the mutual impact on the wave physics.}
}
	
@article{matsinen2002,
title = {Alpha-Tail Production with Ion-Cyclotron-Resonance Heating of $^{4}He$-Beam Ions in JET Plasmas},
author = {Mantsinen, M. J. and Mayoral, M.-L. and Kiptily, V. G. and Sharapov, S. E. and Alper, B. and Bickley, A. and de Baar, M. and Eriksson, L.-G. and Gondhalekar, A. and Hellsten, T. and Lawson, K. and Nguyen, F. and Noterdaeme, J.-M. and Righi, E. and Tuccillo, A. A. and Zerbini, M.},
journal = {Phys. Rev. Lett.},
volume = {88},
issue = {10},
pages = {105002},
numpages = {4},
year = {2002},
month = {Feb},
doi = {10.1103/PhysRevLett.88.105002},
url = {http://link.aps.org/doi/10.1103/PhysRevLett.88.105002},
publisher = {American Physical Society}
}

@article{heidbrink1999,
author={W.W. Heidbrink and E.D. Fredrickson and T.K. Mau and C.C. Petty and R.I. Pinsker and M. Porkolab and B.W. Rice},
title={High harmonic ion cyclotron heating in DIII-D: Beam ion absorption and sawtooth stabilization},
journal={Nuclear Fusion},
volume={39},
number={10},
pages={1369},
url={http://stacks.iop.org/0029-5515/39/i=10/a=302},
year={1999},
abstract={Combined neutral beam injection and fast wave heating at the fourth cyclotron harmonic produce an energetic deuterium beam ion tail in the DIII-D tokamak. When the concentration of thermal hydrogen exceeds ~5%, the beam ion absorption is suppressed in favour of second harmonic hydrogen absorption. As theoretically expected, the beam absorption increases with beam ion gyro-radius; also, central absorption at the fifth harmonic is weaker than central absorption at the fourth harmonic. For central heating at the fourth harmonic, an energetic, perpendicular, beam population forms inside the q = 1 surface. The beam ion tail transiently stabilizes the sawtooth instability but destabilizes toroidicity inducedAlfvén eigenmodes (TAEs). Saturation of the central heating correlates with the onset of the TAEs. Continued expansion of the q = 1 radius eventually precipitates a sawtooth crash; complete magnetic reconnection is observed.}
}
	
@inproceedings{kryrytsya2012,
		author={V Kyrytsya and K Crombe and D Van Eester},
		title={A new approach to {ICRF} antennas modeling based on coupling the surface impedance matrix of the plasma to commercial antenna codes},
		booktitle={Proc. of the 39th European Physical Society Conf. and 16th Int. Congress on Plasma Physics},
		pages={P2.041},
		year={2012},
		address={Stockholm, Sweden}
}

@article{hellsten2012,
author={T Hellsten and A Hannan and T Johnson and L J Höök and L Villard},
title={A dielectric response model for FEM solutions of ICRF wave fields},
journal={Journal of Physics: Conference Series},
volume={401},
number={1},
pages={012009},
url={http://stacks.iop.org/1742-6596/401/i=1/a=012009},
year={2012},
abstract={Modelling of fast wave ICRF heating in large machines with high density such as DEMO is challenging because of the short wave lengths. Therefore, fast, efficient global wave solvers are necessary. A major difficulty with calculating the wave field in a spatial dispersive medium is that the dielectric tensor becomes a function of the local wave vector, which in its turn depends on the solution. Furthermore, the solution may consist of several waves co-existing at the same location subjected to separate response functions. In order to model upshift of the parallel wave vector, higher order FLR-effects on the cyclotron absorption and TTMP damping for the electron absorption methods based on iteration, suitable for FEM codes, are proposed.}
}

@article{coster2006a,
  author={D P Coster and X Bonnin and M Warrier},
  title={Extensions to the {SOLPS} edge plasma simulation code to include additional surface interaction posibilities},
  journal={Physica Scripta},
  volume={2006},
  number={T124},
  pages={9},
  url={http://stacks.iop.org/1402-4896/2006/i=T124/a=002},
  year={2006},
}

@article{harvey2009a,
author = {R. W. Harvey and Yu. Petrov and E. F. Jaeger and L. A. Berry and D. B. Batchelor and P. T. Bonoli and J. C. Wright},
editor = {Volodymyr Bobkov and Jean-Marie Noterdaeme},
collaboration = {},
title = {Comparison of {ICRF}-Induced Ion Diffusion Coefficients Calculated with the {DC} and {AORSA} Codes},
publisher = {AIP},
year = {2009},
journal = {AIP Conference Proceedings},
volume = {1187},
number = {1},
pages = {581-584},
keywords = {plasma radiofrequency heating; plasma waves; plasma devices; absorption},
url = {http://link.aip.org/link/?APC/1187/581/1},
doi = {10.1063/1.3273818}
}

@article{shiraiwa2010a,
author = {S. Shiraiwa and O. Meneghini and R. Parker and P. Bonoli and M. Garrett and M. C. Kaufman and J. C. Wright and S. Wukitch},
collaboration = {},
title = {Plasma wave simulation based on a versatile finite element method solver},
publisher = {AIP},
year = {2010},
journal = {Physics of Plasmas},
volume = {17},
number = {5},
eid = {056119},
numpages = {10},
pages = {056119},
keywords = {finite element analysis; Fokker-Planck equation; plasma hybrid waves; plasma simulation; Tokamak devices},
url = {http://link.aip.org/link/?PHP/17/056119/1},
doi = {10.1063/1.3396371}
}


@article{klepper2011a,
		author={C C Klepper and E H Martin and R C Isler and L Colas ans J Hillairet and Y Marandet and others},
		title={Electric Fields near RF Heating and Current Drive Antennas in Tore Supra Measured with Dynamic Stark Effect Spectroscopy},
		journal={53rd Annual Meeting of the APS Division of Plasma Physics},
		year={2011},
		volume={56},
        number={16},
		address={Salt Lake City, Utah},
		month={November}
}

@article{wagner2010a,
		author={F Wagner and A Becoulet and R Budny and others},
		title={On the heating mix of {ITER}},
		journal={Plasma Phys. and Contr. Fusion},
		volume=52,
		number=124044,
		year=2010
}

@article{rantamaki2005a,
		author={K M Rantamaki and V Petrzilka and P Andrew and others},
		title={{Bright spots generated by lower hybrid waves on JET}},
		journal={Plasma Phys. and Contr. Fusion},
		volume=47,
		number=7,
		pages={1101},
		year=2005
}

@article{carter1992a,
author = {M. D. Carter and D. B. Batchelor and E. F. Jaeger},
collaboration = {},
title = {Electromotive excitation of a plasma sheath},
publisher = {AIP},
year = {1992},
journal = {Physics of Fluids B: Plasma Physics},
volume = {4},
number = {5},
pages = {1081-1091},
keywords = {PLASMA SHEATH; ELECTROMOTIVE FORCE; KINETIC EQUATIONS; PLASMA HEATING; DEBYE LENGTH; DISTRIBUTION FUNCTIONS; POISSON EQUATION; RADIOWAVE RADIATION; EXCITATION; ELECTRIC FIELDS; PLASMAWALL INTERACTIONS},
url = {http://link.aip.org/link/?PFB/4/1081/1},
doi = {10.1063/1.860466}
}

@article{faudot2006a,
		author={E Faudot and S Heuraux and L Colas},
		title={RF sheath rectification process in presence of transverse RF currents in the Ion Cyclotron Range of Frequencies},
		journal={33rd EPS Conference on Plasma Phys., Rome},
		number={19-23},
		volume={30I},
		pages={P-4.187},
		year=2006
}

@article{dippolito2002a,
author = {D. A. D'Ippolito and J. R. Myra and S. I. Krasheninnikov},
collaboration = {},
title = {Cross-field blob transport in tokamak scrape-off-layer plasmas},
publisher = {AIP},
year = {2002},
journal = {Physics of Plasmas},
volume = {9},
number = {1},
pages = {222-233},
keywords = {plasma transport processes; plasma toroidal confinement; Tokamak devices; plasma boundary layers},
url = {http://link.aip.org/link/?PHP/9/222/1},
doi = {10.1063/1.1426394}
}

@article{eriksson1999a,
  author={L.-G. Eriksson and M.J. Mantsinen and V.P. Bhatnagar and A. Gondhalekar and C. Gormezano and P.J. Harbour and T. Hellsten and J. Jacquinot and H.J. Jäckel and K. Lawson and C.G. Lowry and E. Righi and G.J. Sadler and B. Schunke and A.C.C. Sips and M.F. Stamp and D.F.H. Start},
  title={Theoretical analysis of {ICRF} heating in {JET} {DT} plasmas},
  journal={Nuclear Fusion},
  volume={39},
  number={3},
  pages={337},
  url={http://stacks.iop.org/0029-5515/39/i=3/a=304},
  year={1999},
}

@article{bergeaud2000a,
  author={V. Bergeaud and L.-G. Eriksson and D.F.H. Start},
  title={{ITER} relevant {ICRF} heating scenarios with large ion heating fraction},
  journal={Nuclear Fusion},
  volume={40},
  number={1},
  pages={35},
  url={http://stacks.iop.org/0029-5515/40/i=1/a=303},
  year={2000},
}
	
@article{lamalle2006a,
  author={P.U. Lamalle and M.J. Mantsinen and J.-M. Noterdaeme and B. Alper and P. Beaumont and L. Bertalot and T. Blackman and Vl.V. Bobkov and G. Bonheure and J. Brzozowski and C. Castaldo and S. Conroy and M. de Baar and E. de la Luna and P. de Vries and F. Durodié and G. Ericsson and L.-G. Eriksson and C. Gowers and R. Felton and J. Heikkinen and T. Hellsten and V. Kiptily and K. Lawson and M. Laxåback and E. Lerche and P. Lomas and A. Lyssoivan and M.-L. Mayoral and F. Meo and M. Mironov and I. Monakhov and I. Nunes and G. Piazza and S. Popovichev and A. Salmi and M.I.K. Santala and S. Sharapov and T. Tala and M. Tardocchi and D. Van Eester and B. Weyssow and JET EFDA contributors},
  title={Expanding the operating space of {ICRF} on {JET} with a view to {ITER}},
  journal={Nuclear Fusion},
  volume={46},
  number={2},
  pages={391},
  url={http://stacks.iop.org/0029-5515/46/i=2/a=021},
  year={2006},
}
	

@article{colestock1990a,
title = "RF-plasma interactions in the antenna near fields",
journal = "Fusion Engineering and Design",
volume = "12",
number = "1-2",
pages = "43 - 50",
year = "1990",
note = "",
issn = "0920-3796",
doi = "10.1016/0920-3796(90)90063-C",
url = "http://www.sciencedirect.com/science/article/pii/092037969090063C",
author = "P. Colestock and G.J. Greene and J.C. Hosea and C.K. Phillips and J.E. Stevens and M. Ono and J.R. Wilson and D.A. D'Ippolito and J.R. Myra and I.S. Lehrman"
}

@article{noterdaeme1987a,
author = {J. -M. Noterdaeme and F. Wesner and M. Soll and F. Hofmeister and P. Grigull and A. B. Murphy},
collaboration = {},
title = {{ICRF heating system for W VII-AS}},
publisher = {AIP},
year = {1987},
journal = {AIP Conference Proceedings},
volume = {159},
number = {1},
pages = {242-245},
keywords = {ICR HEATING; W STELLARATORS; ANTENNAS; DESIGN; PLASMA HEATING; MHZ RANGE 01100; MHZ RANGE 1001000; ASDEX TOKAMAK; PERFORMANCE; PLASMA; RF SYSTEMS},
url = {http://link.aip.org/link/?APC/159/242/1},
doi = {10.1063/1.36684}
}

@inproceedings{green2011b,
		author={D L Green and E F Jaeger and L A Berry and P M Ryan},
		title={Predicting {HHFW} Heating Efficiency on {NSTX} via Whole-Device Full-Wave Simulation},
		booktitle={Proc. of the 19th Conf. on Radio Frequency Power in Plasmas},
		year={2011},
		address={Newport, Rhode Island}
}

@article{kohno2010a,
		author={H Kohno and J R Myra and D A D'Ippolito},
		title={A numerical analysis of the RF wave propagation under the sheath boundary condition in the ion cyclotron range of frequencies},
		journal={52nd Annual Meeting of the APS Division of Plasma Physics},
		year={2010},
		volume={55},
        number={15},
		address={Chicago, Illinois},
		month={November}
}

@article{smithe2007a,
author = {David N. Smithe},
collaboration = {},
title = {Finite-difference time-domain simulation of fusion plasmas at radiofrequency time scales},
publisher = {AIP},
year = {2007},
journal = {Physics of Plasmas},
volume = {14},
number = {5},
eid = {056104},
numpages = {7},
pages = {056104},
keywords = {plasma simulation; plasma radiofrequency heating; plasma electrostatic waves; plasma transport processes; plasma electromagnetic wave propagation; plasma density; plasma boundary layers; finite difference time-domain analysis; Laplace transforms; Maxwell equations},
url = {http://link.aip.org/link/?PHP/14/056104/1},
doi = {10.1063/1.2710784}
}

@article{noterdaeme1993a,
  author={J -M Noterdaeme and G Van Oost},
  title={The interaction between waves in the ion cyclotron range of frequencies and the plasma boundary},
  journal={Plasma Physics and Controlled Fusion},
  volume={35},
  number={11},
  pages={1481},
  url={http://stacks.iop.org/0741-3335/35/i=11/a=001},
  year={1993},
}
	

@article{jaeger2008a,
author = {E. F. Jaeger and L. A. Berry and E. F. D'Azevedo and R. F. Barrett and S. D. Ahern and D. W. Swain and D. B. Batchelor and R. W. Harvey and J. R. Myra and D. A. D'Ippolito and C. K. Phillips and E. Valeo and D. N. Smithe and P. T. Bonoli and J. C. Wright and M. Choi},
collaboration = {},
title = {Simulation of high-power electromagnetic wave heating in the {ITER} burning plasma},
publisher = {AIP},
year = {2008},
journal = {Physics of Plasmas},
volume = {15},
number = {7},
eid = {072513},
numpages = {10},
pages = {072513},
keywords = {plasma heating; plasma simulation; plasma toroidal confinement; plasma waves},
url = {http://link.aip.org/link/?PHP/15/072513/1},
doi = {10.1063/1.2959128}
}

@article{amaranteSegundo2006a,
    title = "RF antenna analysis with the ICANT code",
    journal = "Fusion Engineering and Design",
    volume = "81",
    number = "19",
    pages = "2205 - 2212",
    year = "2006",
    note = "",
    issn = "0920-3796",
    doi = "10.1016/j.fusengdes.2006.02.002",
    url = "http://www.sciencedirect.com/science/article/pii/S0920379606001372",
    author = "G.S. Amarante-Segundo and A.G. Elfimov and L. Ruchko and R.M.O. Galvo and R. Koch and A. Lyssoivan and A. Messiaen",
}

@article{geuzaine2009a,
    author = {Geuzaine, Christophe and Remacle, Jean-François},
    title = {Gmsh: A 3-{D} finite element mesh generator with built-in pre- and post-processing facilities},
    journal = {International Journal for Numerical Methods in Engineering},
    volume = {79},
    number = {11},
    publisher = {John Wiley & Sons, Ltd.},
    issn = {1097-0207},
    url = {http://dx.doi.org/10.1002/nme.2579},
    doi = {10.1002/nme.2579},
    pages = {1309--1331},
    keywords = {computer-aided design, mesh generation, post-processing, finite element method, open-source software},
    year = {2009},
}

@article{austin2011a,
		author={T Austin and D Smithe and A Hakim and T Jenkins},
		title={Non-linear modeling of RF in fusion grade plasmas},
		journal={53rd Annual Meeting of the APS Division of Plasma Physics},
		year={2011},
		volume={56},
        number={16},
		address={Salt Lake City, Utah},
		month={November}
}

@article{perkins2011a,
		author={R J Perkins and R E Bell and A Diallo and S Gerhardt and J C Hosea and M Jaworski and B P LeBlanc and G J Kramer and C K Phillips and others},
		title={{HHFW Edge Heating Properties for H-mode Plasmas in NSTX}},
		journal={53rd Annual Meeting of the APS Division of Plasma Physics},
		year={2011},
		volume={56},
        number={16},
		address={Salt Lake City, Utah},
		month={November}
}

@article{rasmussen2011a,
		author={D A Rasmussen and R H Goulding and P V Pesavento and B Peters and D W Swain and E H Fredd and J Hosea and N Greenough},
		title={Development of the {ITER ICH} Transmission Line and Matching System},
		journal={53rd Annual Meeting of the APS Division of Plasma Physics},
		year={2011},
		volume={56},
        number={16},
		address={Salt Lake City, Utah},
		month={November}
}

@article{martin2011a,
		author={M Martin and B V Compernolle and T Carter and W Gekelman and P Pribyl and D A D'Ippolito and J R Myra},
		title={Experimental Study of Radio Frequency Sheaths Created by Fast Wave Antennae},
		journal={53rd Annual Meeting of the APS Division of Plasma Physics},
		year={2011},
		volume={56},
        number={16},
		address={Salt Lake City, Utah},
		month={November}
}

@article{lipschultz2001a,
  author={B. Lipschultz and D.A. Pappas and B. LaBombard and J.E. Rice and D. Smith and S.J. Wukitch},
  title={A study of molybdenum influxes and transport in {A}lcator {C-Mod}},
  journal={Nuclear Fusion},
  volume={41},
  number={5},
  pages={585},
  url={http://stacks.iop.org/0029-5515/41/i=5/a=311},
  year={2001},
}

@article{bures1991a,
  author={M Bures and J Jacquinot and K Lawson and M Stamp and H P Summers and D A D'Ippolito and J R Myra},
  title={Impurity release from the {ICRF} antenna screens in {JET}},
  journal={Plasma Physics and Controlled Fusion},
  volume={33},
  number={8},
  pages={937},
  url={http://stacks.iop.org/0741-3335/33/i=8/a=005},
  year={1991},
}

@article{colas2007a,
  author={L Colas and A Ekedahl and M Goniche and J P Gunn and B Nold and Y Corre and V Bobkov and R Dux and F Braun and J-M Noterdaeme and M-L Mayoral and K Kirov and J Mailloux and S Heuraux and E Faudot and J Ongena and ASDEX Upgrade Team  and JET-EFDA contributors},
  title={Understanding the spatial structure of RF-induced {SOL} modifications},
  journal={Plasma Physics and Controlled Fusion},
  volume={49},
  number={12B},
  pages={B35},
  url={http://stacks.iop.org/0741-3335/49/i=12B/a=S02},
  year={2007},
}
	
@article{becoulet2002a,
author = {M. Becoulet and L. Colas and S. Pecoul and J. Gunn and Ph. Ghendrih and A. Becoulet and S. Heuraux},
collaboration = {},
title = {Edge plasma density convection during ion cyclotron resonance heating on {T}ore {S}upra},
publisher = {AIP},
year = {2002},
journal = {Physics of Plasmas},
volume = {9},
number = {6},
pages = {2619-2632},
keywords = {plasma toroidal confinement; plasma boundary layers; convection; plasma transport processes; plasma radiofrequency heating; Langmuir probes},
url = {http://link.aip.org/link/?PHP/9/2619/1},
doi = {10.1063/1.1472501}
}

@article{braun2007a,
author = {F. Braun and J.-M. Noterdaeme and L. Colas},
editor = {Philip M. Ryan and David Rasmussen},
collaboration = {},
title = {Simulations of different {F}araday screen configurations for the {ITER ICRH} antenna},
publisher = {AIP},
year = {2007},
journal = {AIP Conference Proceedings},
volume = {933},
number = {1},
pages = {175-178},
url = {http://link.aip.org/link/?APC/933/175/1},
doi = {10.1063/1.2800470}
}

@article{dippolito1993a,
author = {D. A. D'Ippolito and J. R. Myra and J. Jacquinot and M. Bures},
collaboration = {},
title = {Radio-frequency-sheath-driven edge plasma convection and interaction with the {H} mode},
publisher = {AIP},
year = {1993},
journal = {Physics of Fluids B: Plasma Physics},
volume = {5},
number = {10},
pages = {3603-3617},
url = {http://link.aip.org/link/?PFB/5/3603/1},
doi = {10.1063/1.860832}
}

@article{myra2010a,
  author={J R Myra and D A D'Ippolito},
  title={Slow-wave propagation and sheath interaction in the ion-cyclotron frequency range},
  journal={Plasma Physics and Controlled Fusion},
  volume={52},
  number={1},
  pages={015003},
  url={http://stacks.iop.org/0741-3335/52/i=1/a=015003},
  year={2010},
}

@article{colas2009b,
title = "Estimated RF sheath power fluxes on {ITER} plasma facing components",
journal = "Journal of Nuclear Materials",
volume = "390-391",
number = "0",
pages = "959 - 962",
year = "2009",
issn = "0022-3115",
doi = "10.1016/j.jnucmat.2009.01.248",
url = "http://www.sciencedirect.com/science/article/pii/S0022311509002736",
author = "L. Colas and D. Milanesio and E. Faudot and M. Goniche and A. Loarte"
}

@article{bobkov2009a,
author = {V. Bobkov and R. Bilato and F. Braun and L. Colas and R. Dux and D. Van Eester and L. Giannone and M. Goniche and A. Herrmann and P. Jacquet and A. Kallenbach and A. Krivska and E. Lerche and M.-L. Mayoral and D. Milanesio and I. Monakhov and H. W. Muller and R. Neu and J.-M. Noterdaeme and Th. Putterich and V. Rohde ASDEX Upgrade Team JET-EFDA Contributors},
editor = {Volodymyr Bobkov and Jean-Marie Noterdaeme},
collaboration = {ASDEX Upgrade Team and JET-EFDA Contributors},
title = {Interaction of {ICRF} Fields with the Plasma Boundary in {AUG and JET} and Guidelines for Antenna Optimization},
publisher = {AIP},
year = {2009},
journal = {AIP Conference Proceedings},
volume = {1187},
number = {1},
pages = {125-132},
url = {http://link.aip.org/link/?APC/1187/125/1},
doi = {10.1063/1.3273710}
}

@inproceedings{colas2009a,
		author={L. Colas and Ph. Jacquet and G. Argarici and C. Portafaix and M. Goniche and JET EFDA contributors},
		title={{RF}-Sheath Heat Flux Estimates on {T}ore {S}upra and {JET} {ICRF} Antennae. Extrapolation to {ITER}},
		booktitle={18th Topical Conference on Radio Frequency Power in Plasmas},
		year={2009},
		address={Gent, Belgium},
		month={June}
}

@article{thomas1995a,
title = "First measurements of {ICRF} and edge/{SOL} plasma interactions on {TORE SUPRA}",
journal = "Journal of Nuclear Materials",
volume = "220-222",
number = "0",
pages = "531 - 535",
year = "1995",
note = "Plasma-Surface Interactions in Controlled Fusion Devices",
issn = "0022-3115",
doi = "10.1016/0022-3115(94)00658-X",
url = "http://www.sciencedirect.com/science/article/pii/002231159400658X",
author = "C.E. Thomas Jr. and J.H. Harris and G.R. Haste and C.C. Klepper and J. Hogan and S.J. Tobin and F.W. Baity and M.D. Carter and D.J. Hoffman and P.M. Ryan and B. Saoutic and B. Beaumont and A. Becoulet and H. Kuus and D. Fraboulet and A. Grosman and D. Guilhem and J.Y. Pascal and J. Valter and T. Loarer and M. Chatelier"
}

@article{jacquet2011a,
  author={P. Jacquet and L. Colas and M.-L. Mayoral and G. Arnoux and V. Bobkov and M. Brix and P. Coad and A. Czarnecka and D. Dodt and F.  Durodie and A. Ekedahl and D. Frigione and M. Fursdon and E. Gauthier and M. Goniche and M. Graham and E. Joffrin and A. Korotkov and E. Lerche and J. Mailloux and I. Monakhov and C. Noble and J. Ongena and V. Petrzilka and C. Portafaix and F. Rimini and A. Sirinelli and V. Riccardo and Z. Vizvary and A. Widdowson and K.-D. Zastrow and JET EFDA Contributors},
  title={Heat loads on {JET} plasma facing components from {ICRF} and {LH} wave absorption in the {SOL}},
  journal={Nuclear Fusion},
  volume={51},
  number={10},
  pages={103018},
  url={http://stacks.iop.org/0029-5515/51/i=10/a=103018},
  year={2011},
}

@article{vancompernolle2008a,
		author={B. Van Compernolle and R. Maggiora and G. Vecchi and D. Milanesio and R. Koch},
		title={Implementation of sheath effects into {TOPICA}},
		journal={35th EPS Conference on Plasma Phys.},
		year={2008},
		volume={32D},
		address={Jersonissos},
		month={June},
		number={P-2.105}
}


@article{butler1963a,
author = {H. S. Butler and G. S. Kino},
collaboration = {},
title = {Plasma Sheath Formation by Radio-Frequency Fields},
publisher = {AIP},
year = {1963},
journal = {Physics of Fluids},
volume = {6},
number = {9},
pages = {1346-1355},
url = {http://link.aip.org/link/?PFL/6/1346/1},
doi = {10.1063/1.1706905}
}

@article{petty1995a,
  author={C.C. Petty and R.I. Pinsker and M.E. Austin and F.W. Baity and S.C. Chiu and J.S. DeGrassie and C.B. Forest and R.H. Goulding and R.W. Harvey and D.J. Hoffman and R.A. James and T.C. Luce and M. Porkolab and R. Prater},
  title={{Fast wave and electron cyclotron current drive in the DIII-D tokamak}},
  journal={Nuclear Fusion},
  volume={35},
  number={7},
  pages={773},
  url={http://stacks.iop.org/0029-5515/35/i=7/a=I02},
  year={1995},
}
	
@article{petty1999a,
  author={C.C. Petty and F.W. Baity and J.S. deGrassie and C.B. Forest and T.C. Luce and T.K. Mau and M. Murakami and R.I. Pinsker and P.A.  Politzer and M. Porkolab and R. Prater},
  title={{Fast wave current drive in {H} mode plasmas on the {DIII-D} tokamak}},
  journal={Nuclear Fusion},
  volume={39},
  number={10},
  pages={1421},
  url={http://stacks.iop.org/0029-5515/39/i=10/a=305},
  year={1999},
}

@article{green2011a,
  volume = {107},
  journal = {Phys. Rev. Lett.},
  numpages = {4},
  month = {Sep},
  title = {Predicting High Harmonic Ion Cyclotron Heating Efficiency in Tokamak Plasmas},
  author = {Green, D. L. and Berry, L. A. and Chen, G. and Ryan, P. M. and Canik, J. M. and Jaeger, E. F.},
  year = {2011},
  url = {http://link.aps.org/doi/10.1103/PhysRevLett.107.145001},
  doi = {10.1103/PhysRevLett.107.145001},
  issue = {14},
  publisher = {American Physical Society},
  pages = {145001}
}

@article{bures1992a,
  author={M. Bures and J.J. Jacquinot and M.F. Stamp and D.D.R. Summers and D.F.H. Start and T. Wade and D.A. D'Ippolito and J.R. Myra},
  title={Assessment of beryllium Faraday screens on the JET ICRF antennas},
  journal={Nuclear Fusion},
  volume={32},
  number={7},
  pages={1139},
  url={http://stacks.iop.org/0029-5515/32/i=7/a=I05},
  year={1992},
}

@article{bures1990a,
  author={M. Bureš and J.J. Jacquinot and D.F.H. Start and M. Brambilla},
  title={Brambilla: Role of the antenna screen angle during {ICRF} heating in {JET}},
  journal={Nuclear Fusion},
  volume={30},
  number={2},
  pages={251},
  url={http://stacks.iop.org/0029-5515/30/i=2/a=005},
  year={1990},
}

@article{hellsten2003b,
author = {T. Hellsten and M. Laxaback},
editor = {Cary B. Forest},
collaboration = {},
title = {The Effect of Weak Single Pass Damping on the Coupled {ICRH} Power Spectrum},
publisher = {AIP},
year = {2003},
journal = {AIP Conference Proceedings},
volume = {694},
number = {1},
pages = {110-113},
keywords = {plasma radiofrequency heating; ions; cyclotron resonance; antennas in plasma; eigenvalues and eigenfunctions; damping; localised modes},
url = {http://link.aip.org/link/?APC/694/110/1},
doi = {10.1063/1.1638006}
}

@article{hellsten2005b,
author = {T. Hellsten and M. Laxaback},
collaboration = {},
title = {Influence of coupling to spectra of weakly damped eigenmodes in the ion cyclotron range of frequencies on parasitic absorption in rectified radio frequency sheaths},
publisher = {AIP},
year = {2005},
journal = {Physics of Plasmas},
volume = {12},
number = {3},
eid = {032505},
numpages = {9},
pages = {032505},
keywords = {plasma radiofrequency heating; plasma sheaths; plasma ion acoustic waves; Tokamak devices; plasma toroidal confinement; antennas in plasma; plasma density},
url = {http://link.aip.org/link/?PHP/12/032505/1},
doi = {10.1063/1.1851988}
}


@inproceedings{heikkinen2004a,
		author={J.A. Heikkinen and Vl. V. Bobkov and D.A. D’Ippolito and D.A. Hartmann and J. Myra and K.M. Rantamäki and A. Salmi and T. Hellsten and Ph. U. Lamalle and M. Mantsinen and J.-M. Noterdaeme and JET EFDA Contributors},
		title={Experiments on {ICRF} Coupling with Different Phasings},
		booktitle={31st EPS Conference on Plasma Phys.},
		year={2004},
		volume={28G},
		address={London},
		month={June}
}

@techreport{hedin1996a,
		author={J. Hedin},
		title={Studies of heating efficiencies and models of RF-sheaths for the {JET} antennae},
		institution={Department of Fusion Plasma Physics, Alfv\'{e}n Laboratory, Royal Institute of Technology},
		year={1996},
		number={TRITA-ALF-1996-01},
		key={ISN 1102-2051}
}

@article{hellsten2005a,
  author={T. Hellsten and M. Laxåback and T. Bergkvist and T. Johnson and F. Meo and F. Nguyen and C.C. Petty and M. Mantsinen and G.
Matthews and J.-M. Noterdaeme and T. Tala and D. Van Eester and P. Andrew and P. Beaumont and V. Bobkov and M. Brix and J.
Brzozowski and L.-G. Eriksson and C. Giroud and E. Joffrin and V. Kiptily and J. Mailloux and M.-L. Mayoral and I. Monakhov and R.
Sartori and A. Staebler and E. Rachlew and E. Tennfors and A. Tuccillo and A. Walden and K.-D. Zastrow and JET-EFDA Contributors},
  title={On the parasitic absorption in {FWCD} experiments in {JET} {ITB} plasmas},
  journal={Nuclear Fusion},
  volume={45},
  number={7},
  pages={706},
  url={http://stacks.iop.org/0029-5515/45/i=7/a=020},
  year={2005},
}

@article{wukitch2009a,
title = "ICRF specific impurity sources and plasma sheaths in Alcator C-Mod",
journal = "Journal of Nuclear Materials",
volume = "390-391",
number = "0",
pages = "951 - 954",
year = "2009",
note = "Proceedings of the 18th International Conference on Plasma-Surface Interactions in Controlled Fusion Device",
issn = "0022-3115",
doi = "10.1016/j.jnucmat.2009.01.245",
url = "http://www.sciencedirect.com/science/article/pii/S0022311509002712",
author = "S.J. Wukitch and B. LaBombard and Y. Lin and B. Lipschultz and E. Marmar and M.L. Reinke and D.G. Whyte"
}

@article{wukitch2007a,
title = "{RF plasma edge interactions and their impact on ICRF antenna performance in Alcator C-Mod}",
journal = "Journal of Nuclear Materials",
volume = "363-365",
number = "0",
pages = "491 - 497",
year = "2007",
issn = "0022-3115",
doi = "10.1016/j.jnucmat.2007.01.273",
url = "http://www.sciencedirect.com/science/article/pii/S0022311507000955",
author = "S.J. Wukitch and B. Lipschultz and E. Marmar and Y. Lin and A. Parisot and M. Reinke and J. Rice and J. Terry",
}

@article{wukitch2004a,
  author={S J Wukitch and R L Boivin and P T Bonoli and J A Goetz and J Irby and I Hutchinson and Y Lin and A Parisot and M Porkolab and E
Marmar and G Schilling and J R Wilson},
  title={Investigation of performance limiting phenomena in a variable phase {ICRF} antenna in {Alcator C-Mod}},
  journal={Plasma Physics and Controlled Fusion},
  volume={46},
  number={9},
  pages={1479},
  url={http://stacks.iop.org/0741-3335/46/i=9/a=010},
  year={2004},
}
	

@article{colas2006a,
  author={L. Colas and V. Basiuk and B. Beaumont and A. Bécoulet and G. Bosia and S. Brémond and M. Chantant and F. Clairet and A. Ekedahl and E. Faudot and A. Géraud and M. Goniche and S. Heuraux and G.T. Hoang and G. Lombard and L. Millon and R. Mitteau and P. Mollard and K. Vulliez and the Tore Supra team},
  title={Key results of long pulse ICRH operation in Tore Supra},
  journal={Nuclear Fusion},
  volume={46},
  number={7},
  pages={S500},
  url={http://stacks.iop.org/0029-5515/46/i=7/a=S11},
  year={2006},
}
	
@article{ono1993a, 
		title = {Ion {B}ernstein wave heating research}, 
		publisher = {AIP}, 
		year = {1993}, 
		doi = {DOI:10.1063/1.860569}, 
		issn = {08998221}, 
		eissn = {10897674}, 
		coden = {PFBPEI}, 
		volume = {5}, 
		number = {2}, 
		pages = {241-280}, 
		author = {Masayuki Ono}, 
		url = {http://dx.doi.org/10.1063/1.860569},
journal={Phys. Fluids B}
}

@article{ono1988a,
  volume = {60},
  journal = {Phys. Rev. Lett.},
  month = {Jan},
  title = {Effects of High-Power Ion {B}ernstein Waves on a Tokamak Plasma},
  author = {Ono, M. and Beiersdorfer, P. and Bell, R. and Bernabei, S. and Cavallo, A. and Chmyga, A. and Cohen, S. and Colestock, P. and Gammel, G. and Greene, G. J. and Hosea, J. and Kaita, R. and Lehrman, I. and Mazzitelli, G. and Mazzucato, E. and McNeill, D. and Sato, K. and Stevens, J. and Timberlake, J. and Wilson, J. R. and Wouters, A.},
  year = {1988},
  url = {http://link.aps.org/doi/10.1103/PhysRevLett.60.294},
  doi = {10.1103/PhysRevLett.60.294},
  issue = {4},
  publisher = {American Physical Society},
  pages = {294--297}
}

@article{myra2006a,
  author={J.R. Myra and D.A. D'Ippolito and D.A. Russell and L.A. Berry and E.F. Jaeger and M.D. Carter},
  title={{Nonlinear ICRF-plasma interactions}},
  journal={Nuclear Fusion},
  volume={46},
  number={7},
  pages={S455},
  url={http://stacks.iop.org/0029-5515/46/i=7/a=S08},
  year={2006},
}

@article{noterdaeme1990a,
title = "Experimental results on edge effects during ICRF heating of ASDEX plasmas",
journal = "Fusion Engineering and Design",
volume = "12",
number = "1-2",
pages = "127 - 137",
year = "1990",
note = "",
issn = "0920-3796",
doi = "10.1016/0920-3796(90)90073-F",
url = "http://www.sciencedirect.com/science/article/pii/092037969090073F",
author = "Jean-Marie Noterdaeme"
}

@article{hosea2011a,
	author={J C Hosea and J-W Ahn and R E Bell and S Gerhardt and T K Gray and D L Green and E F Jaeger and B P LeBlanc and R Maingi and A McLean and others},
	collaboration={NSTX Team},
	journal={this conference},
	year=2011,
}

@article{brambilla1989,
  author={M Brambilla},
  title={Finite Larmor radius wave equations in Tokamak plasmas in the ion cyclotron frequency range},
  journal={Plasma Physics and Controlled Fusion},
  volume={31},
  number={5},
  pages={723},
  year={1989},
}
	
@article{brambilla1993,
  author={M Brambilla},
  title={Modelling loop antennas for HF plasma heating in the ion cyclotron frequency range},
  journal={Plasma Physics and Controlled Fusion},
  volume={35},
  number={1},
  pages={41},
  year={1993},
}
	
@article{brambilla1999,
  author={M Brambilla},
  title={Numerical simulation of ion cyclotron waves in tokamak plasmas},
  journal={Plasma Physics and Controlled Fusion},
  volume={41},
  number={1},
  pages={1},
  year={1999},
}
	
@article{lamalle2006,
  author={P.U. Lamalle and A.M. Messiaen and P. Dumortier and F. Louche},
  title={Recent developments in ICRF antenna modelling},
  journal={Nuclear Fusion},
  volume={46},
  number={4},
  pages={432},
  year={2006},
}
	
@article{messiaen2010,
  author={A. Messiaen and R. Koch and R.R. Weynants and P. Dumortier and F. Louche and R. Maggiora and D. Milanesio},
  title={Performance of the ITER ICRH system as expected from TOPICA and ANTITER II modelling},
  journal={Nuclear Fusion},
  volume={50},
  number={2},
  pages={025026},
  year={2010},
}
	
@article{budny1995,
  author={R.V. Budny and M.G. Bell and A.C. Janos and D.L. Jassby and L.C. Johnson and D.K. Mansfield and D.C. McCune and M.H. Redi and J.F.
Schivell and G. Taylor and T.B. Terpstra and M.C. Zarnstorff and S.J. Zweben},
  title={Simulations of alpha parameters in a TFTR DT supershot with high fusion power},
  journal={Nuclear Fusion},
  volume={35},
  number={12},
  pages={1497},
  year={1995},
}
	
@article{taylor2010,
author = {G. Taylor and R. E. Bell and J. C. Hosea and B. P. LeBlanc and C. K. Phillips and M. Podesta and E. J. Valeo and J. R. Wilson and J-W. Ahn and G. Chen and D. L. Green and E. F. Jaeger and others},
collaboration = {NSTX Team},
title = {Advances in high-harmonic fast wave physics in the National Spherical Torus Experiment},
publisher = {AIP},
year = {2010},
journal = {Physics of Plasmas},
volume = {17},
number = {5},
eid = {056114},
numpages = {12},
pages = {056114},
keywords = {plasma beam injection heating; plasma diagnostics; plasma radiofrequency heating; plasma toroidal confinement; Tokamak devices},
doi = {10.1063/1.3371956}
}

@article{hellsten2003a,
	author = {T. Hellsten and M. Laxaback},
	collaboration = {},
	title = {Edge localized magnetosonic eigenmodes in the ion cyclotron frequency range},
	publisher = {AIP},
	year = {2003},
	journal = {Physics of Plasmas},
	volume = {10},
	number = {11},
	pages = {4371-4377},
	keywords = {plasma toroidal confinement; eigenvalues and eigenfunctions; plasma instability; plasma radiofrequency heating; plasma waves},
	url = {http://link.aip.org/link/?PHP/10/4371/1},
	doi = {10.1063/1.1617315}
}

@article{schneider2006a,
		author={R. Schneider and X. Bonnin and K. Borrass and D. P. Coster and H. Kastelewicz and D. Reiter and V. A. Rozhansky and B. J. Braams},
		title={Plasma Edge Physics with B2-Eirene},
		journal={Contrib. Plasma Phys.},
		volume=46,
		number={1-2},
		pages={3-191},
		year=2006,
		doi={10.1002/ctpp.200610001}
}

@article{canik2010a,
title = "Measurements and 2-D modeling of recycling and edge transport in discharges with lithium-coated PFCs in NSTX",
journal = "Journal of Nuclear Materials",
volume = "In Press, Corrected Proof",
number = "",
pages = " - ",
year = "2010",
note = "",
issn = "0022-3115",
doi = "DOI: 10.1016/j.jnucmat.2010.11.084",
url = "http://www.sciencedirect.com/science/article/B6TXN-51M0NJY-8/2/772658e50b4e6f53b6910d79c7c37619",
author = "J.M. Canik and R. Maingi and V.A. Soukhanovskii and R.E. Bell and H.W. Kugel and B.P. LeBlanc and T.H. Osborne"
}

@article{sabbagh2001a,
  author={S.A. Sabbagh and S.M. Kaye and J. Menard and F. Paoletti and M. Bell and R.E. Bell and J.M. Bialek and M. Bitter and E.D. Fredrickson and D.A. Gates and A.H. Glasser and H. Kugel and L.L. Lao and B.P. LeBlanc and R. Maingi and others},
  title={Equilibrium properties of spherical torus plasmas in NSTX},
  collaboration={NSTX Team},
  journal={Nuclear Fusion},
  volume={41},
  number={11},
  pages={1601},
  url={http://stacks.iop.org/0029-5515/41/i=11/a=309},
  year={2001},
}

@article{dippolito2006a,
author = {D. A. D'Ippolito and J. R. Myra},
collaboration = {},
title = {A radio-frequency sheath boundary condition and its effect on slow wave propagation},
publisher = {AIP},
year = {2006},
journal = {Physics of Plasmas},
volume = {13},
number = {10},
eid = {102508},
numpages = {12},
pages = {102508},
url = {http://link.aip.org/link/?PHP/13/102508/1},
doi = {10.1063/1.2360507}
}

@article{green2009a,
  author={D L Green and E F Jaeger and L A Berry},
  title={Exploration of finite ion orbit effects in the ion cyclotron range of frequencies},
  journal={Journal of Physics: Conference Series},
  volume={180},
  number={1},
  pages={012058},
  url={http://stacks.iop.org/1742-6596/180/i=1/a=012058},
  year={2009},
  collaboration = {RF-SciDAC Team}
}

@article{jaeger2006a,
  author={E.F. Jaeger and R.W. Harvey and L.A. Berry and J.R. Myra and R.J. Dumont and C.K. Phillips and D.N. Smithe and R.F. Barrett and D.B. Batchelor and P.T. Bonoli and M.D. Carter and E.F. D'azevedo and D.A. D'ippolito and R.D. Moore and J.C. Wright},
  title={Global-wave solutions with self-consistent velocity distributions in ion cyclotron heated plasmas},
  journal={Nuclear Fusion},
  volume={46},
  number={7},
  pages={S397},
  url={http://stacks.iop.org/0029-5515/46/i=7/a=S02},
  year={2006},
}
	
@article{johnson1997a,
		title = {Kinetic Alfvén waves and plasma transport at the magnetopause},
		author = {Jay R. Johnson and C. Z. Cheng},
		journal = {Geophys. Res. Lett.},
		number = 11,
		volume = 24,
		pages = {1423-1426},
		year = 1997
}

@article{jaeger2003a,
  title = {Sheared Poloidal Flow Driven by Mode Conversion in Tokamak Plasmas},
  author = {Jaeger, E. F. and Berry, L. A. and Myra, J. R. and Batchelor, D. B. and D'Azevedo, E.  and Bonoli, P. T. and Phillips, C. K. and Smithe, D. N. and D'Ippolito, D. A. and others},
  journal = {Phys. Rev. Lett.},
  volume = {90},
  number = {19},
  pages = {195001},
  numpages = {4},
  year = {2003},
  month = {May},
  doi = {10.1103/PhysRevLett.90.195001},
  publisher = {American Physical Society}
}

@article{phillips2009a,
  author={C.K. Phillips and R.E. Bell and L.A. Berry and P.T. Bonoli and R.W. Harvey and J.C. Hosea and E.F. Jaeger and B.P. LeBlanc and P.M. Ryan and G. Taylor and others},
  collaboration={NSTX Team},
  title={Spectral effects on fast wave core heating and current drive},
  journal={Nuclear Fusion},
  volume={49},
  number={7},
  pages={075015},
  year={2009},
  doi={10.1088/0029-5515/49/7/075015}
}
	
@article{hosea2008a,
		author = {J. Hosea and R. E. Bell and B. P. LeBlanc and C. K. Phillips and G. Taylor and E. Valeo and J. R. Wilson and E. F. Jaeger and P. M. Ryan and J. Wilgen and others},
		collaboration = {NSTX Team},
		title = {High harmonic fast wave heating efficiency enhancement and current drive at longer wavelength on the National Spherical Torus Experiment},
		publisher = {AIP},
		year = {2008},
		journal = {Physics of Plasmas},
		volume = {15},
		number = {5},
		eid = {056104},
		numpages = {9},
		pages = {056104},
		keywords = {plasma electromagnetic wave propagation; plasma radiofrequency heating; plasma toroidal confinement},
		doi = {10.1063/1.2837051}
}

@article{holtkamp2007a,
title = "An overview of the {ITER} project",
journal = "Fusion Engineering and Design",
volume = "82",
number = "5-14",
pages = "427 - 434",
year = "2007",
note = "Proceedings of the 24th Symposium on Fusion Technology - SOFT-24",
issn = "0920-3796",
doi = "DOI: 10.1016/j.fusengdes.2007.03.029",
author = "N. Holtkamp",
keywords = "ITER",
keywords = "Reactor",
keywords = "Technology",
keywords = "Safety"
}

@article{ono1995a,
author = {Masayuki Ono},
collaboration = {},
title = {High harmonic fast waves in high beta plasmas},
publisher = {AIP},
year = {1995},
journal = {Physics of Plasmas},
volume = {2},
number = {11},
pages = {4075-4082},
doi = {10.1063/1.871030}
}

@article{ono2000a,
  author={M. Ono and S.M. Kaye and Y.-K.M. Peng and G. Barnes and W. Blanchard and M.D. Carter and J. Chrzanowski and L. Dudek and R. Ewig and D. Gates and R.E. Hatcher and T. Jarboe and S.C. Jardin and D. Johnson and R. Kaita and M. Kalish and others},
collaboration = {NSTX Team},
  title={Exploration of spherical torus physics in the NSTX device},
  journal={Nuclear Fusion},
  volume={40},
  number={3Y},
  pages={557},
  url={http://stacks.iop.org/0029-5515/40/i=3Y/a=316},
  year={2000},
  doi={10.1088/0029-5515/40/3Y/316}
}

@article{ono2001a,
    author = {Ono, M. and Bell, M. G. and Bell, R. E. and Bigelow, T. and Bitter, M. and Blanchard, W. and Darrow, D. S. and Fredrickson, E. D. and Gates, D. A. and Grisham, L. R. and Hosea, J. C. and Johnson, D. W. and Kaita, R. and Kaye, S. M. and Kubota, S. and Kugel, H. W. and LeBlanc, B. P. and Maingi, R. and Maqueda, R. and Mazzucato, E. and Menard, J. and Mueller, D. and Nelson, B. A. and Neumeyer, C. and Paoletti, F. and Paul, S. F. and Peng, Y. K. M. and Ramakrishnan, S. and Raman, R. and Ryan, P. M. and Sabbagh, S. A. and Skinner, C. H. and Stevenson, T. and Stutman, D. and Swain, D. W. and Synakowski, E. J. and Taylor, G. and Halle, A. Von and Wilgen, J. and Williams, M. and Wilson, J. R. and Zweben, S. J. and Ackers, R. and Barry, R. E. and Bers, A. and Bialek, J. M. and Bonoli, P. T. and Carter, M. D. and Chrzanowski, J. and Davis, W. and Doyle, E. J. and Dudek, L. and Efthimion, P. C. and Ellis, R. and Ferron, J. R. and Finkenthal, M. and Fredd, E. and Gibney, T. and Goldston, R. J. and Hatcher, R. E. and Hawryluck, R. J. and Hayashiya, H. and Hill, K. W. and Jarboe, T. R. and Jardin, S. C. and Ji, H. and Kalish, M. and LaMarche, P. and Lao, L. L. and Lee, K. C. and Levinton, F. M. and Luhmann, N. C. and Majeski, R. and Manickam, J. and Marsala, R. and Mau, T. K. and McCormack, B. and Medley, S. S. and Menon, M. M. and Mitarai, O. and Nagata, M. and Nishino, N. and Oliaro, G. and Park, H. K. and Parsells, R. and Pearson, G. and Peebles, T. and Phillips, C. K. and Pinsker, R. and Porter, G. D. and Ram, A. K. and Robinson, J. and Roney, P. and Roquemore, A. L. and Rosenberg, A. and Schaffer, M. and Shiraiwa, S. and Sichta, P. and Stotler, D. and Stratton, B. C. and Takase, Y. and Wampler, W. R. and Wurden, G. A. and Xu, X. Q. and Yang, J. G. and Zeng, L. and Zhu, W.},
    day = {01},
    doi = {10.1088/0029-5515/41/10/311},
    issn = {0029-5515},
    journal = {Nuclear Fusion},
    month = {October},
    number = {10},
    pages = {1435+},
    posted-at = {2010-11-23 19:07:39},
    priority = {2},
    title = {{Overview of the initial NSTX experimental results}},
    volume = {41},
    year = {2001}
}

@book{stix,
		author = {Stix, T. H.},
		title = {Waves in plasmas},
		year = 1992,
		publisher = {Springer-Verlag New York, Inc.},
		isbn = {0-88318-859-7}
}

@book{brambilla,
	author = {Brambilla, M.},
	title = {Kinetic Theory of Plasma Waves},
	year = 1998,
	publisher = {Oxford University Press Inc., New York},
	isbn = {0-19-855956-9}
}

@book{swanson,
	author={D G Swanson},
	title={Plasma Waves, Second Edition},
	year=2003,
	publisher={IOP Publishing Ltd},
	isbn={0-7503-0927-X}
}

@article{wilson2003a,
author = {J. R. Wilson and R. E. Bell and S. Bernabei and M. Bitter and P. Bonoli and D. Gates and J. Hosea and B. LeBlanc and T. K. Mau and S. Medley and J. Menard and D. Mueller and M. Ono and C. K. Phillips and R. I. Pinsker and others},
collaboration = {NSTX Team},
title = {Exploration of high harmonic fast wave heating on the National Spherical Torus Experiment},
publisher = {AIP},
year = {2003},
journal = {Physics of Plasmas},
volume = {10},
number = {5},
pages = {1733-1738},
keywords = {plasma toroidal confinement; plasma heating},
url = {http://link.aip.org/link/?PHP/10/1733/1},
doi = {10.1063/1.1560921}
}

